<?xml version="1.0" encoding="UTF-8"?><record xmlns="http://www.loc.gov/MARC21/slim" xmlns:cinclude="http://apache.org/cocoon/include/1.0" xmlns:zs="http://www.loc.gov/zing/srw/">
  <leader>00466nz  a2200133n  4500</leader>
  <controlfield tag="001">no 97026752 </controlfield>
  <controlfield tag="003">DLC</controlfield>
  <controlfield tag="005">19970430053625.8</controlfield>
  <controlfield tag="008">970429n| acannaab|          |n ana     c</controlfield>
  <datafield tag="010" ind1=" " ind2=" ">
    <subfield code="a">no 97026752 </subfield>
  </datafield>
  <datafield tag="035" ind1=" " ind2=" ">
    <subfield code="a">(OCoLC)oca04328299 </subfield>
  </datafield>
  <datafield tag="040" ind1=" " ind2=" ">
    <subfield code="a">RPB-M</subfield>
    <subfield code="c">RPB-M</subfield>
  </datafield>
  <datafield tag="110" ind1="2" ind2="0">
    <subfield code="a">Philadelphia Trio</subfield>
  </datafield>
  <datafield tag="670" ind1=" " ind2=" ">
    <subfield code="a">Turina, J. Piano trios nos. 1 and 2 [SR] p1995:</subfield>
    <subfield code="b">label (The Philadelphia Trio) insert (founded 1971; Elizabeth Keller, piano, Barbara Sonies, violin, Deborah Reeder, cello)</subfield>
  </datafield>
</record>